<record><leader>00000cas a2200000Ma 4500</leader><controlfield tag="001">11031796</controlfield><controlfield tag="008">840808d187u188ualuwr ne      0    0eng d</controlfield><datafield ind1=" " ind2=" " tag="010"><subfield code="a">sn 84023510 </subfield></datafield><datafield ind1=" " ind2=" " tag="040"><subfield code="a">AQM</subfield><subfield code="b">eng</subfield><subfield code="c">AQM</subfield><subfield code="d">OCLCQ</subfield></datafield><datafield ind1="0" ind2="0" tag="245"><subfield code="a">Huntsville weekly independent.</subfield></datafield><datafield ind1="1" ind2="7" tag="246"><subfield code="a">Independent</subfield></datafield><datafield ind1=" " ind2=" " tag="260"><subfield code="a">Huntsville, Ala. :</subfield><subfield code="b">A.R. Wiggs &amp; Co.</subfield></datafield><datafield ind1=" " ind2=" " tag="300"><subfield code="a">v.</subfield></datafield><datafield ind1=" " ind2=" " tag="310"><subfield code="a">Weekly</subfield></datafield><datafield ind1=" " ind2=" " tag="588"><subfield code="a">Description based on: New ser. v. 3, no. 30 (May 4, 1876).</subfield></datafield><datafield ind1=" " ind2="7" tag="655"><subfield code="a">Newspapers.</subfield><subfield code="2">rbgenr</subfield></datafield><datafield ind1=" " ind2=" " tag="752"><subfield code="a">United States</subfield><subfield code="b">Alabama</subfield><subfield code="c">Madison</subfield><subfield code="d">Huntsville.</subfield></datafield><datafield ind1="0" ind2="0" tag="785"><subfield code="t">Huntsville independent (Huntsville, Ala.)</subfield><subfield code="w">(DLC)sn 87050020</subfield></datafield></record>